%% PPGCC - CCN - UFPI
%% This BibTeX bibliography file was created using BibDesk.
%% http://bibdesk.sourceforge.net/
%% Exemplo de arquivo .bib a ser utilizado para gerar a Biliografia
%% Quando for no Google Scholar, clique em bibtex na citação e copie o código pra colar aqui

@manual{manualJSBSim,
	ALTauthor = {Jon S. Berndt},
	title = {JSBSim},
	date = {2011},
	OPTsubtitle = { An open source, platform-independent, flight dynamics model in C++},
	OPTlanguage = {English},
	OPTversion = {1},
	OPTorganization = {JSBSim Development Team},
	OPTlocation = {Ohio},
	OPTpagetotal = {147},
	OPTurl = {https://jsbsim.sourceforge.net/JSBSimReferenceManual.pdf},
	OPTurldate = {2025},
}


@manual{manualFlightGear,
	ALTauthor = {Michael Basler},
	ALTeditor = {Scott Giese},
	title = {The FlightGear Manual},
	date = {2024},
	OPTversion = {5},
	OPTpagetotal = {232},
	OPTurl = {https://sourceforge.net/projects/flightgear/files/unstable/manual/},
	OPTurldate = {2025},
}


@book{mahdi2018attitude,
  title={Attitude Stabilization for CubeSat: Concepts and Technology},
  author={Mahdi, M.C.},
  isbn={9781527521636},
  url={https://books.google.com.br/books?id=DWJ6DwAAQBAJ},
  year={2018},
  publisher={Cambridge Scholars Publishing}
}
@article{canas2020ros,
  title={A ROS-based open tool for intelligent robotics education},
  author={Ca{\~n}as, Jos{\'e} M and Perdices, Eduardo and Garc{\'\i}a-P{\'e}rez, L{\'\i}a and Fern{\'a}ndez-Conde, Jes{\'u}s},
  journal={Applied Sciences},
  volume={10},
  number={21},
  pages={7419},
  year={2020},
  publisher={MDPI}
}
@inproceedings{kang2019urdf,
  title={URDF generator for manipulator robot},
  author={Kang, Yeon and Kim, Donghan and Kim, Kwangjin},
  booktitle={2019 Third IEEE International Conference on Robotic Computing (IRC)},
  pages={483--487},
  year={2019},
  organization={IEEE}
}

@article{ramon2023task,
  title={Task space control for on-orbit space robotics using a new ROS-based framework},
  author={Ram{\'o}n, Jos{\'e} L and Pomares, Jorge and Felicetti, Leonard},
  journal={Simulation Modelling Practice and Theory},
  pages={102790},
  year={2023},
  publisher={Elsevier}
}

@inproceedings{linner2011modeling,
  title={Modeling and operating robotic environments using Gazebo/ROS},
  author={Linner, Thomas and Shrikathiresan, Alaguraj and Vetrenko, Maxim and Ellmann, Bernhard and Bock, Thomas},
  booktitle={Proceedings of the 28th international symposium on automation and robotics in construction (ISARC2011)},
  pages={957--962},
  year={2011}
}
@article{udugama2023mini,
  title={Mini bot 3D: A ROS based Gazebo Simulation},
  author={Udugama, B},
  journal={arXiv preprint arXiv:2302.06368},
  year={2023}
}

@article{hao2021intelligent,
  title={Intelligent spacecraft visual GNC architecture with the state-of-the-art AI components for on-orbit manipulation},
  author={Hao, Zhou and Shyam, RB Ashith and Rathinam, Arunkumar and Gao, Yang},
  journal={Frontiers in Robotics and AI},
  volume={8},
  pages={639327},
  year={2021},
  publisher={Frontiers Media SA}
}

@misc{roldan2022ros,
  title={A ROS-based open web platform for Intelligent Robotics education},
  author={Rold{\'a}n, David and Mahna, Sakshay and Canas, Jos{\'e} M},
  journal={Robotics in Education; Advances in Intelligent Systems and Computing},
  volume={1359},
  year={2022},
  publisher={Springer Cham, Switzerland}
}

@article{canas2020open,
  title={Open-source drone programming course for distance engineering education},
  author={Ca{\~n}as, Jos{\'e} M and Mart{\'\i}n-Mart{\'\i}n, Diego and Arias, Pedro and Vega, Julio and Rold{\'a}n-{\'A}lvarez, David and Garc{\'\i}a-P{\'e}rez, L{\'\i}a and Fern{\'a}ndez-Conde, Jes{\'u}s},
  journal={Electronics},
  volume={9},
  number={12},
  pages={2163},
  year={2020},
  publisher={MDPI}
}

@article{lotfi2022use,
  title={Use of Open-source Software in Mechatronics and Robotics Engineering Education-Part II: Controller Implementation.},
  author={Lotfi, Nima and Auslander, Dave and Rodriguez, Luis A and Mbanisi, Kenechukwu C and Berry, Carlotta A},
  journal={Computers in Education Journal},
  volume={13},
  year={2022}
}


@article{lotfi2021use,
  title={Use of Open-source Software in Mechatronics and Robotics Engineering Education-Part I: Model Simulation and Analysis.},
  author={Lotfi, Nima and Auslander, Dave and Rodriguez, Luis A and Mbanisi, Kenechukwu C and Berry, Carlotta A},
  journal={Computers in Education Journal},
  volume={12},
  number={3},
  year={2021}
}

@ARTICLE{BioSentinel2020,
  author={Ricco, Antonio J. and Maria, Sergio R. Santa and Hanel, Robert P. and Bhattacharya, Sharmila},
  journal={IEEE Aerospace and Electronic Systems Magazine}, 
  title={BioSentinel: A 6U Nanosatellite for Deep-Space Biological Science}, 
  year={2020},
  volume={35},
  number={3},
  pages={6-18},
  doi={10.1109/MAES.2019.2953760}}

  @ARTICLE{EQUULEUS2020,
  author={Funase, Ryu and Ikari, Satoshi and Miyoshi, Kota and Kawabata, Yosuke and Nakajima, Shintaro and Nomura, Shunichiro and Funabiki, Nobuhiro and Ishikawa, Akihiro and Kakihara, Kota and Matsushita, Shuhei and Takahashi, Ryohei and Yanagida, Kanta and Mori, Daiko and Murata, Yusuke and Shibukawa, Toshihiro and Suzumoto, Ryo and Fujiwara, Masahiro and Tomita, Kento and Aohama, Hiroki and Iiyama, Keidai and Ishiwata, Sho and Kondo, Hirotaka and Mikuriya, Wataru and Seki, Hiroto and Koizumi, Hiroyuki and Asakawa, Jun and Nishii, Keita and Hattori, Akihiro and Saito, Yuji and Kikuchi, Kosei and Kobayashi, Yuta and Tomiki, Atsushi and Torii, Wataru and Ito, Taichi and Campagnola, Stefano and Ozaki, Naoya and Baresi, Nicola and Yoshikawa, Ichiro and Yoshioka, Kazuo and Kuwabara, Masaki and Hikida, Reina and Arao, Shogo and Abe, Shinsuke and Yanagisawa, Masahisa and Fuse, Ryota and Masuda, Yosuke and Yano, Hajime and Hirai, Takayuki and Arai, Kazuyoshi and Jitsukawa, Ritsuko and Ishioka, Eigo and Nakano, Haruki and Ikenaga, Toshinori and Hashimoto, Tatsuaki},
  journal={IEEE Aerospace and Electronic Systems Magazine}, 
  title={Mission to Earth–Moon Lagrange Point by a 6U CubeSat: EQUULEUS}, 
  year={2020},
  volume={35},
  number={3},
  pages={30-44},
  doi={10.1109/MAES.2019.2955577}}


@misc{martinez2017development,
  title={Development of models for Attitude Determination and Control System components for CubeSat applications},
  author={Mart{\'\i}nez, Edgard},
  year={2017}
}

@misc{mars2016,
	Author = {SpaceX},
	Date = {2016-09-27},
	Howpublished = {Congresso Internacional Astronáutico},
	Keywords = {Making Life Multiplanetary 2016},
	Title = {Making Life Multiplanetary 2016},
	Url = {https://www.spacex.com/media/making_life_multiplanetary_2016.pdf},
	Urlaccessdate = {16 sep. 2022},
	Year = {2016},
}

@misc{NASA2019,
	Author = {NASA},
	Date = {sep. 2020},
	Howpublished = {Plano},
	Keywords = {Artemis Plan},
	Title = {Artemis Plan NASA's Lunar Exploration Program Overciew},
	Url = {https://www.nasa.gov/sites/default/files/atoms/files/artemis_plan-20200921.pdf},
	Urlaccessdate = {16 sep. 2022},
	Year = {2019},
}

@misc{marco2018,
	Author = {NASA JPL},
	Date = {05 may. 2018},
	Howpublished = {webpage},
	Keywords = {JPL MarCO 2018},
	Title = {Mars Cube One (MarCo)},
	Url = {https://www.jpl.nasa.gov/missions/mars-cube-one-marco},
	Urlaccessdate = {16 sep. 2022},
	Year = {2018},
}

@misc{wikipedia2023,
    Author = {Wikipedia},
	Year = {2024},
	Howpublished = {wikipage},
	Keywords = {UFABC Orçamento Anual Wikipedia},
	Title = {Universidade Federal do ABC},
	Url = {https://pt.wikipedia.org/wiki/Universidade_Federal_do_ABC#cite_note-7},
	Urlaccessdate = {08 fev. 2024}
}

@inproceedings{bolu2020engineering,
  title={Engineering students' virtual learning challenges during covid-19 pandemic lockdown: A case study},
  author={Bolu, Christian A and Azeta, Joseph and Mallo, Stephen J and Ismaila, SO and Dada, Joseph O and Aderounmu, Sola and Ismail, Abubakar and Oyetunji, Elkannah},
  booktitle={2020 IFEES World Engineering Education Forum-Global Engineering Deans Council (WEEF-GEDC)},
  pages={1--5},
  year={2020},
  organization={IEEE}
}

@article{canas2020ros,
  title={A ROS-based open tool for intelligent robotics education},
  author={Ca{\~n}as, Jos{\'e} M and Perdices, Eduardo and Garc{\'\i}a-P{\'e}rez, L{\'\i}a and Fern{\'a}ndez-Conde, Jes{\'u}s},
  journal={Applied Sciences},
  volume={10},
  number={21},
  pages={7419},
  year={2020},
  publisher={MDPI}
}


«Lei nº 13.978, de 17 de janeiro de 2020 - Estima a receita e fixa a despesa da União para o exercício financeiro de 2020» (PDF). Consultado em 5 de dezembro de 2020

@misc{NASA2016,
	Author = {NASA},
	Date = {02 feb. 2016},
	Howpublished = {webpage},
	Keywords = {NASA SLS 13 CubeSats 2016},
	Title = {NASA Space Launch System's First Flight to Send Small Sci-Tech Satellites Into Space},
	Url = {https://www.nasa.gov/press-release/nasa-space-launch-system-s-first-flight-to-send-small-sci-tech-satellites-into-space},
	Urlaccessdate = {16 sep. 2022},
	Year = {2016},
}

@misc{Nanoavionics2014,
	Author = {Nanoavionics},
	Howpublished = {About Us Web Page},
	Keywords = {NanoAvionics About Us},
	Title = {About Us},
	Url = {https://nanoavionics.com/about/},
	Urlaccessdate = {16 sep. 2022},
	Year = {2016},
}


@misc{Nanoavionics2014,
	Author = {Nanoavionics},
	Howpublished = {About Us Web Page},
	Keywords = {NanoAvionics About Us},
	Title = {About Us},
	Url = {https://nanoavionics.com/about/},
	Urlaccessdate = {16 sep. 2022},
	Year = {2016},
}

@misc{Santos2018,
	Author = {Walter Abrah{\~a}o dos Santos},
	Howpublished = {SeCiAer2018-Semin{\'a}rio Serviços Cientificos-INPE-02/10/2018},
	Keywords = {CubeSats Brasil INPE SeCiAer},
	Title = {O Desenvolvimento de CubeSats no Brasil},
	Url = {https://www.researchgate.net/publication/328027852_O_Desenvolvimento_de_CubeSats_no_Brasil},
	Urlaccessdate = {19 sep. 2022},
	Year = {2018}
}

@book{CGEE2018,
  title={CubeSats: Resumo executivo},
  editor={Maisa Cardoso},
  isbn={9788555691423},
  series={Tecnologias espaciais},
  url={https://www.cgee.org.br/documents/10195/734063/CGEE_resumoexecutivo_CubeSats_Web.pdf},
  year={2018},
  publisher={Centro de Gestão e Estudos Estratégicos},
  Urlaccessdate = {19 sep. 2022},
  adress={Brasília-DF}
}

@book{NASA2017,
  title={CubeSat 101: Basic Concepts and Processes for First-time CubeSat Developers},
  editor={NASA CubeSat Launch Initiative},
  url={https://www.nasa.gov/sites/default/files/atoms/files/nasa_csli_cubesat_101_508.pdf},
  year={2017},
  publisher={NASA},
  Urlaccessdate = {19 sep. 2022},
  adress={Brasília-DF}
}

@misc{PION2022,
	Author = {PION2022},
	Howpublished = {Web Page},
	Keywords = {PION Lançamento SpaceX},
	Title = {Satélite PION-BR1 Lançamento Orbital com a SpaceX!},
	Url = {https://www.pionlabs.com.br/pion-br1},
	Urlaccessdate = {16 sep. 2022},
	Year = {2022},
}

@article{Jia2012,
author = {Tu, Jia and Defeng, Gu and Wu, Yi and Yi, Dongyun},
year = {2012},
month = {04},
pages = {},
title = {Error Modeling and Analysis for InSAR Spatial Baseline Determination of Satellite Formation Flying},
volume = {2012},
journal = {Mathematical Problems in Engineering},
doi = {10.1155/2012/140301}
}


@article{baroni2020attitude,
  title={Attitude determination by unscented Kalman filter and solar panels as sun sensor},
  author={Baroni, Leandro},
  journal={The European Physical Journal Special Topics},
  volume={229},
  number={8},
  pages={1501--1506},
  year={2020},
  publisher={Springer}
}

@article{gil2016,
  title={Sistema de Controle de Atitude Proposto para a Miss{\~a}o Espacial SERPENS II},
  author={de Brum, Antonio Vicente and Baroni, Leandro and da Silva, Andr{\'e} Lu{\'\i}s and de Melo, Cristiano Fiorilo and dos Santos Ferreira, Eduardo and Zanardi, Maria Cec{\'\i}lia and Celestino, Claudia Celeste and Pereira, Maria Cecilia and Spengler, Anderson},
  journal={Proceeding Series of the Brazilian Society of Computational and Applied Mathematics},
  volume={4},
  number={1},
  year={2016}
}

@book{wie2008space,
  title={Space Vehicle Dynamics and Control},
  author={Wie, B.},
  isbn={9781563475399},
  lccn={2008028777},
  series={AIAA education series},
  url={https://books.google.com.br/books?id=UN8eAQAAIAAJ},
  year={2008},
  publisher={American Institute of Aeronautics and Astronautics}
}

@book{wertz2012spacecraft,
  title={Spacecraft Attitude Determination and Control},
  author={Wertz, J.R.},
  isbn={9789400999077},
  series={Astrophysics and Space Science Library},
  url={https://books.google.com.br/books?id=crTwCAAAQBAJ},
  year={2012},
  publisher={Springer Netherlands}
}

@book{schutz2004statistical,
  title={Statistical Orbit Determination},
  author={Schutz, B. and Tapley, B. and Born, G.H.},
  isbn={9780126836301},
  lccn={2004043275},
  url={https://books.google.com.br/books?id=pG7BwAEACAAJ},
  year={2004},
  publisher={Elsevier Science}
}


@book{ogata2011engenharia,
  title={Engenharia de controle moderno},
  author={Ogata, K.},
  isbn={9788576058106},
  url={https://books.google.com.br/books?id=iL3FYgEACAAJ},
  year={2011},
  publisher={Pearson Prentice Hall}
}

@manual{cubedesign2021,
	Author = {INPE CubeDesign},
	Month = {Ago.},
	Title = {Regulamento ADCS CubeDesign},
	Url = {https://drive.google.com/drive/folders/1sZpDaAlw_jEZu5ctWsTSf-HOtSbyKMS_},
	Urlaccessdate = {06 set. 2022},
	Year = {2021},
}

@book{zanardi2018,
    title={Fundamentos de Astron{\'a}utica e Suas Aplica{\c c}{\~o}es},
    author={Sandro da Silva Fernandes and Maria Cec{\'i}lia Fran{\c c}a de Paula Santos Zanardi},
    isbn={9788568576762},
    publisher = "Editora UFABC",
    year      = "2018",
    volume    = "1",
    address   = "São Bernardo do Campo SP",
}
https://docs.ros.org/en/humble/index.html
https://classic.gazebosim.org/tutorials
http://wiki.ros.org/urdf
http://sdformat.org/


@misc{ros2humble,
    Howpublished = {wikipage},
	Keywords = {ROS2 humble wiki},
	Title = {ROS2},
    year={2024},
	Url = {https://docs.ros.org/en/humble/index.html},
	Urlaccessdate = {08 fev. 2024}
}

@misc{urdf,
    Howpublished = {webpage},
	Keywords = {urdf},
	Title = {urdf},
    year={2024},
	Url = {http://wiki.ros.org/urdf},
	Urlaccessdate = {08 fev. 2024}
}
@misc{sdf,
    Howpublished = {webpage},
	Keywords = {sdformat},
	Title = {sdformat},
    year={2024},
	Url = {http://sdformat.org/},
	Urlaccessdate = {08 fev. 2024}
}
@misc{ubuntuweb,
    Howpublished = {webpage},
    Keywords = {Ubuntu 22.04 LTS Jammy},
    Title = {Ubuntu},
    Url = {https://releases.ubuntu.com/jammy/},
    year = {2024},
    Urlaccessdate = {26 fev 2024}
    }

@misc{gazebosim,
    Howpublished = {webpage},
	Keywords = {Gazebo Tutorials},
	Title = {Gazebo11},
    year={2024},
	Url = {https://classic.gazebosim.org/tutorials},
	Urlaccessdate = {08 fev. 2024}
}

@manual{datasheet4rw0,
  title        = "Reaction Wheels: Data Sheet NA-4RW0-G0-R10",
  author       = "{Nanoavionics Team}",
  organization = "Nanoavionics",
  address      = "216 W Sand Bank Rd Columbia, IL 62236, USA",
  year         = "2021"
}

@article{hall2003spacecraft,
  title={Spacecraft attitude dynamics and control},
  author={Hall, Christopher D},
  journal={Lecture Notes posted on Handouts page [online]},
  volume={12},
  number={2003},
  year={2003},
  publisher={Citeseer}
}

@book{sellers2000understanding,
  title={Understanding Space: An Introduction to Astronautics},
  author={Sellers, J.J. and Astore, W.J. and Larson, W.J.},
  isbn={9780072424683},
  lccn={00103316},
  series={Space technology series},
  url={https://books.google.com.br/books?id=kZNTAAAAMAAJ},
  year={2000},
  publisher={McGraw-Hill}
}
